<?xml version="1.0" encoding="UTF-8"?><collection xmlns="http://www.loc.gov/MARC21/slim"><record><leader>00516nam--2200181-i-4500</leader><controlfield tag="001">000036208</controlfield><controlfield tag="002">20161230</controlfield><controlfield tag="005">20161230201040</controlfield><controlfield tag="008">060222s1000------------r-----000-0-fre-d</controlfield><datafield ind1=" " ind2=" " tag="040"><subfield code="a">IFIN-HH</subfield></datafield><datafield ind1=" " ind2=" " tag="041"><subfield code="a">fre</subfield></datafield><datafield ind1=" " ind2=" " tag="080"><subfield code="a">539.172.5:539.126.539.12.152.8(043)(047)</subfield></datafield><datafield ind1="1" ind2=" " tag="100"><subfield code="a">Narjoux, Jean-louis</subfield></datafield><datafield ind1="1" ind2="0" tag="245"><subfield code="a">Interactions k`d et k`n autour de 1gev/c</subfield><subfield code="b">These</subfield><subfield code="c">Jean-louis narjoux</subfield></datafield><datafield ind1=" " ind2=" " tag="260"><subfield code="a">Paris</subfield><subfield code="b">Universite De Paris</subfield><subfield code="c">1970</subfield></datafield><datafield ind1=" " ind2=" " tag="300"><subfield code="a">98P. + 31FIG</subfield></datafield><datafield ind1=" " ind2=" " tag="852"><subfield code="a">34380</subfield><subfield code="c">539.17</subfield></datafield><datafield ind1=" " ind2=" " tag="CAT"><subfield code="a">Sys</subfield><subfield code="c">20120607</subfield><subfield code="h">105634</subfield></datafield></record></collection>